<record><leader>00000cas a2200000 a 4500</leader><controlfield tag="001">29071409</controlfield><controlfield tag="008">931019d188318uuiluwr ne      0   a0eng c</controlfield><datafield ind1=" " ind2=" " tag="010"><subfield code="a">sn 93055813 </subfield></datafield><datafield ind1=" " ind2=" " tag="040"><subfield code="a">NVF</subfield><subfield code="b">eng</subfield><subfield code="c">NVF</subfield><subfield code="d">CVF</subfield><subfield code="d">NVF</subfield><subfield code="d">OCLCQ</subfield><subfield code="d">OCLCF</subfield><subfield code="d">OCLCO</subfield><subfield code="d">NVF</subfield><subfield code="d">OCLCO</subfield><subfield code="d">NVF</subfield></datafield><datafield ind1=" " ind2=" " tag="042"><subfield code="a">pcc</subfield></datafield><datafield ind1=" " ind2=" " tag="043"><subfield code="a">n-us-il</subfield></datafield><datafield ind1="0" ind2="4" tag="245"><subfield code="a">The Lake vindicator and Cook County suburban news.</subfield></datafield><datafield ind1="1" ind2="0" tag="246"><subfield code="a">Cook County suburban news</subfield></datafield><datafield ind1=" " ind2=" " tag="260"><subfield code="a">Lake City [Chicago] Ill. :</subfield><subfield code="b">William Halley,</subfield><subfield code="c">1883-[18--?]</subfield></datafield><datafield ind1=" " ind2=" " tag="300"><subfield code="a">v.</subfield></datafield><datafield ind1=" " ind2=" " tag="310"><subfield code="a">Weekly</subfield></datafield><datafield ind1="0" ind2=" " tag="362"><subfield code="a">Vol. 1, no. 43 (Nov. 10, 1883)-</subfield></datafield><datafield ind1=" " ind2=" " tag="580"><subfield code="a">Other eds.: Cicero vindicator and Cook County suburban news, &lt;1885&gt;, and: Fifth Ward vindicator and Cook County suburban news, &lt;1885&gt;, and: Oak Park vindicator and Cook County suburban news.</subfield></datafield><datafield ind1=" " ind2=" " tag="588"><subfield code="a">Latest issue consulted: Dec. 26, 1885.</subfield></datafield><datafield ind1=" " ind2="0" tag="650"><subfield code="a">Community newspapers</subfield><subfield code="z">Illinois</subfield><subfield code="z">Chicago.</subfield></datafield><datafield ind1=" " ind2="0" tag="651"><subfield code="a">Lake (Cook County, Ill. : Township)</subfield><subfield code="v">Newspapers.</subfield></datafield><datafield ind1=" " ind2="0" tag="651"><subfield code="a">Chicago Suburban Area (Ill.)</subfield><subfield code="v">Newspapers.</subfield></datafield><datafield ind1=" " ind2="0" tag="651"><subfield code="a">Chicago Metropolitan Area (Ill.)</subfield><subfield code="v">Newspapers.</subfield></datafield><datafield ind1=" " ind2="0" tag="651"><subfield code="a">Cook County (Ill.)</subfield><subfield code="v">Newspapers.</subfield></datafield><datafield ind1=" " ind2="7" tag="655"><subfield code="a">Newspapers.</subfield><subfield code="2">fast</subfield><subfield code="0">(OCoLC)fst01423814</subfield></datafield><datafield ind1=" " ind2=" " tag="752"><subfield code="a">United States</subfield><subfield code="b">Illinois</subfield><subfield code="c">Cook</subfield><subfield code="d">Lake City.</subfield></datafield><datafield ind1=" " ind2=" " tag="752"><subfield code="a">United States</subfield><subfield code="b">Illinois</subfield><subfield code="c">Cook</subfield><subfield code="d">Chicago.</subfield></datafield><datafield ind1="1" ind2=" " tag="775"><subfield code="t">Cicero vindicator and Cook County suburban news</subfield><subfield code="w">(DLC)sn 93055814</subfield><subfield code="w">(OCoLC)29122356</subfield></datafield><datafield ind1="1" ind2=" " tag="775"><subfield code="t">Fifth Ward vindicator and Cook County suburban news</subfield><subfield code="w">(DLC)sn 93055815</subfield><subfield code="w">(OCoLC)29122590</subfield></datafield><datafield ind1="1" ind2=" " tag="775"><subfield code="t">Oak Park vindicator and Cook County suburban news</subfield><subfield code="w">(DLC)sn 93055823</subfield><subfield code="w">(OCoLC)29145020</subfield></datafield><datafield ind1="0" ind2="0" tag="780"><subfield code="t">Lake vindicator</subfield><subfield code="w">(DLC)sn 93055812</subfield><subfield code="w">(OCoLC)29067994</subfield></datafield><datafield ind1="1" ind2=" " tag="029"><subfield code="a">AU@</subfield><subfield code="b">000022257012</subfield></datafield></record>